<mx:record xmlns="http://www.w3.org/TR/xhtml1/strict" xmlns:mx="http://www.loc.gov/MARC21/slim" xmlns:xsi="http://www.w3.org/2001/XMLSchema-instance"><mx:leader>00000cz  a2200000n  45 0</mx:leader><mx:controlfield tag="001">oca01368633 </mx:controlfield><mx:controlfield tag="005">20060224033131.0</mx:controlfield><mx:controlfield tag="008">850712n| acannaabn          |a aaa     c</mx:controlfield><mx:datafield ind1=" " ind2=" " tag="010"><mx:subfield code="a">n  85056938</mx:subfield></mx:datafield><mx:datafield ind1=" " ind2=" " tag="040"><mx:subfield code="a">InU</mx:subfield><mx:subfield code="b">eng</mx:subfield><mx:subfield code="c">DLC</mx:subfield><mx:subfield code="d">DLC</mx:subfield><mx:subfield code="d">CtY</mx:subfield></mx:datafield><mx:datafield ind1="0" ind2=" " tag="100"><mx:subfield code="a">Eutocius,</mx:subfield><mx:subfield code="c">of Ascalon</mx:subfield></mx:datafield><mx:datafield ind1="0" ind2=" " tag="400"><mx:subfield code="a">Eutocius,</mx:subfield><mx:subfield code="c">Ascalonita</mx:subfield></mx:datafield><mx:datafield ind1="0" ind2=" " tag="400"><mx:subfield code="a">Eutocio,</mx:subfield><mx:subfield code="c">of Ascalon</mx:subfield></mx:datafield><mx:datafield ind1=" " ind2=" " tag="670"><mx:subfield code="a">Archimedes. Archimedis Syracusani Arenarius et Dimensio circuli, 1676</mx:subfield></mx:datafield><mx:datafield ind1=" " ind2=" " tag="670"><mx:subfield code="a">LC class. schedule: PA3994.E9</mx:subfield><mx:subfield code="b">(Eutocius, of Ascalon; mathematician; b. ca. 480 A.D.)</mx:subfield></mx:datafield><mx:datafield ind1=" " ind2=" " tag="670"><mx:subfield code="a">LC data base, 6/30/85</mx:subfield><mx:subfield code="b">(hdg.: Eutocius, of Ascalon)</mx:subfield></mx:datafield><mx:datafield ind1=" " ind2=" " tag="670"><mx:subfield code="a">Archimedes. Tratados, 2005-:</mx:subfield><mx:subfield code="b">vol. 1, t.p. (Eutocio)</mx:subfield></mx:datafield><mx:datafield ind1=" " ind2=" " tag="999"><mx:subfield code="a">4974</mx:subfield></mx:datafield></mx:record>